<?xml version="1.0" encoding="UTF-8"?><collection xmlns="http://www.loc.gov/MARC21/slim"><record><leader>00501nam--2200169-u-4500</leader><controlfield tag="001">000054484</controlfield><controlfield tag="002">20161230</controlfield><controlfield tag="005">20161230201051</controlfield><controlfield tag="008">120110s1000------------r-----000-0-eng-d</controlfield><datafield ind1=" " ind2=" " tag="040"><subfield code="a">IFIN-HH</subfield></datafield><datafield ind1=" " ind2=" " tag="080"><subfield code="a">539.12.01</subfield></datafield><datafield ind1="1" ind2=" " tag="100"><subfield code="a">Schlaeger, Franz M.H</subfield></datafield><datafield ind1="1" ind2="0" tag="245"><subfield code="a">Gibt es eine physikalische elementarkonstante 42,85? is there a physical elementary constant 42,85?</subfield><subfield code="c">Franz m.h. schlaeger</subfield></datafield><datafield ind1=" " ind2=" " tag="260"><subfield code="a">Bonn</subfield><subfield code="b">University</subfield><subfield code="c">1984</subfield></datafield><datafield ind1=" " ind2=" " tag="300"><subfield code="a">85P</subfield></datafield><datafield ind1=" " ind2=" " tag="852"><subfield code="a">72077</subfield><subfield code="c">539.12</subfield></datafield><datafield ind1=" " ind2=" " tag="CAT"><subfield code="a">Sys</subfield><subfield code="c">20120110</subfield><subfield code="h">104324</subfield></datafield></record></collection>